<record><leader>00000cas a22000007a 4500</leader><controlfield tag="001">1519311</controlfield><controlfield tag="008">750807d19551960mnuwr ne      0    0eng d</controlfield><datafield ind1=" " ind2=" " tag="010"><subfield code="a">sn 89064719 </subfield></datafield><datafield ind1=" " ind2=" " tag="040"><subfield code="a">MUL</subfield><subfield code="b">eng</subfield><subfield code="c">MUL</subfield><subfield code="d">OCL</subfield><subfield code="d">MN#</subfield><subfield code="d">OCLCQ</subfield><subfield code="d">OCLCF</subfield><subfield code="d">OCLCO</subfield></datafield><datafield ind1="1" ind2=" " tag="029"><subfield code="a">AU@</subfield><subfield code="b">000025861128</subfield></datafield><datafield ind1=" " ind2=" " tag="042"><subfield code="a">msc</subfield></datafield><datafield ind1=" " ind2=" " tag="043"><subfield code="a">n-us-mn</subfield></datafield><datafield ind1=" " ind2=" " tag="052"><subfield code="a">4144</subfield><subfield code="b">D6</subfield></datafield><datafield ind1=" " ind2=" " tag="052"><subfield code="a">4143</subfield><subfield code="b">B2</subfield></datafield><datafield ind1="0" ind2=" " tag="130"><subfield code="a">Becker County record (Detroit Lakes, Minn. : 1955)</subfield></datafield><datafield ind1="1" ind2="0" tag="245"><subfield code="a">Becker County record.</subfield></datafield><datafield ind1=" " ind2=" " tag="260"><subfield code="a">Detroit Lakes, Becker County, Minn. :</subfield><subfield code="b">1955-1960.</subfield></datafield><datafield ind1=" " ind2=" " tag="300"><subfield code="a">5 v.</subfield></datafield><datafield ind1=" " ind2=" " tag="310"><subfield code="a">Weekly</subfield></datafield><datafield ind1="0" ind2=" " tag="362"><subfield code="a">Vol. 85, no. 46 (May 6, 1955)-v. 89, no. 40 (Mar. 24, 1960).</subfield></datafield><datafield ind1=" " ind2=" " tag="530"><subfield code="a">Available on microfilm from the Minnesota Historical Society.</subfield></datafield><datafield ind1=" " ind2="0" tag="651"><subfield code="a">Detroit Lakes (Minn.)</subfield><subfield code="v">Newspapers.</subfield></datafield><datafield ind1=" " ind2="7" tag="655"><subfield code="a">Newspapers.</subfield><subfield code="2">fast</subfield><subfield code="0">(OCoLC)fst01423814</subfield></datafield><datafield ind1=" " ind2="7" tag="651"><subfield code="a">Minnesota</subfield><subfield code="z">Detroit Lakes.</subfield><subfield code="2">fast</subfield><subfield code="0">(OCoLC)fst01220188</subfield></datafield><datafield ind1=" " ind2=" " tag="752"><subfield code="a">United States</subfield><subfield code="b">Minnesota</subfield><subfield code="c">Becker</subfield><subfield code="d">Detroit Lakes.</subfield></datafield><datafield ind1="0" ind2="0" tag="780"><subfield code="t">Detroit Lakes record</subfield><subfield code="w">(DLC)sn 89064718</subfield></datafield><datafield ind1="0" ind2="0" tag="785"><subfield code="t">Record (Detroit Lakes, Minn. : 1960)</subfield><subfield code="w">(DLC)sn 89064720</subfield></datafield></record>